<?xml version="1.0" encoding="UTF-8"?><collection xmlns="http://www.loc.gov/MARC21/slim"><record><leader>00289nam--2200109-i-4500</leader><controlfield tag="001">000037103</controlfield><controlfield tag="002">20161230</controlfield><controlfield tag="005">20161230201041</controlfield><controlfield tag="008">060222s1000------------r-----000-0-eng-d</controlfield><datafield ind1=" " ind2=" " tag="245"><subfield code="a">Programming and utilizatiion of research reactors</subfield></datafield><datafield ind1=" " ind2=" " tag="260"><subfield code="a">London, Academic Press, 1962. 328 P</subfield></datafield><datafield ind1=" " ind2=" " tag="852"><subfield code="a">17457</subfield></datafield></record></collection>